%% This BibTeX bibliography file was created using BibDesk.
%% http://bibdesk.sourceforge.net/

%% Saved with string encoding Unicode (UTF-8) 

@article{bolton2013engineering,
  title={Engineering trust: reciprocity in the production of reputation information},
  author={Bolton, Gary and Greiner, Ben and Ockenfels, Axel},
  journal={Management Science},
  volume={59},
  number={2},
  pages={265--285},
  year={2013},
  publisher={INFORMS}
}

@article{cabral2010dynamics,
  title={The dynamics of seller reputation: Evidence from ebay*},
  author={Cabral, Luis and Hortacsu, Ali},
  journal={The Journal of Industrial Economics},
  volume={58},
  number={1},
  pages={54--78},
  year={2010},
  publisher={Wiley Online Library}
}


@article{dellarocas2008sound,
  title={The sound of silence in online feedback: Estimating trading risks in the presence of reporting bias},
  author={Dellarocas, Chrysanthos and Wood, Charles A},
  journal={Management Science},
  volume={54},
  number={3},
  pages={460--476},
  year={2008},
  publisher={INFORMS}
}

@article{dini2009buying,
  title={Buying reputation on eBay: Do recent changes help?},
  author={Dini, Federico and Spagnolo, Giancarlo},
  journal={International Journal of Electronic Business},
  volume={7},
  number={6},
  pages={581--598},
  year={2009},
  publisher={Inderscience Publishers}
}

@article{fradkin2016bias,
  title={Bias and Reciprocity in Online Reviews: Evidence From Field Experiments on Airbnb (Preliminary-Do not cite without permission)},
  author={Fradkin, Andrey and Grewal, Elena and Holtz, David and Pearson, Matthew},
  year={2016}
}


@article{ghose2011estimating,
  title={Estimating the helpfulness and economic impact of product reviews: Mining text and reviewer characteristics},
  author={Ghose, Anindya and Ipeirotis, Panagiotis G},
  journal={Knowledge and Data Engineering, IEEE Transactions on},
  volume={23},
  number={10},
  pages={1498--1512},
  year={2011},
  publisher={IEEE}
}

@article{luca2011reviews,
  title={Reviews, reputation, and revenue: The case of Yelp. com},
  author={Luca, Michael},
  journal={Com (September 16, 2011). Harvard Business School NOM Unit Working Paper},
  number={12-016},
  year={2011}
}

@article{resnick2006value,
  title={The value of reputation on eBay: A controlled experiment},
  author={Resnick, Paul and Zeckhauser, Richard and Swanson, John and Lockwood, Kate},
  journal={Experimental economics},
  volume={9},
  number={2},
  pages={79--101},
  year={2006},
  publisher={Springer}
}

@article{owen2014trust,
  title={Building trust in the Sharing Economy},
  author={T. Owen},
  year={2011}
}

@webarticle{IS_theories,
  title={Theories Used in IS Research Wiki.},
  author={Larsen, K. R., Allen, G., Vance, A., Eargle, D.},
  year={2015}
}





